
   <record>
      <leader>00000nz  a2200000nc 4500</leader>
      <controlfield tag="001">institutions/30000570</controlfield>
      <controlfield tag="003">DE-633</controlfield>
      <controlfield tag="005">20250620051956.0</controlfield>
      <controlfield tag="008">161109||||z|||a|||||||||||||||||n||||||d</controlfield>
      <datafield tag="024" ind1="7" ind2=" ">
         <subfield code="a">CZ-BRO</subfield>
         <subfield code="q">siglum</subfield>
         <subfield code="2">rism</subfield>
      </datafield>
      <datafield tag="040" ind1=" " ind2=" ">
         <subfield code="a">DE-633</subfield>
         <subfield code="c">DE-633</subfield>
         <subfield code="e">rismg</subfield>
      </datafield>
      <datafield tag="043" ind1=" " ind2=" ">
         <subfield code="c">XA-CZ</subfield>
      </datafield>
      <datafield tag="110" ind1="2" ind2=" ">
         <subfield code="a">Římskokatolická farnost - děkanství Broumov, Kostel sv. Petra a Pavla</subfield>
         <subfield code="c">Broumov</subfield>
         <subfield code="g">CZ-BRO</subfield>
      </datafield>
      <datafield tag="368" ind1=" " ind2=" ">
         <subfield code="a">Library</subfield>
      </datafield>
      <datafield tag="368" ind1=" " ind2=" ">
         <subfield code="a">Institution</subfield>
      </datafield>
      <datafield tag="371" ind1=" " ind2=" ">
         <subfield code="a">Římskokatolická farnost - děkanství,  Broumov, Kostel sv. Petra a Pavla, Kostelní náměstí 224, 550 01 Broumov 1, Czech Republic</subfield>
         <subfield code="u">http://www.bihk.cz/dieceze/broumov/</subfield>
      </datafield>
      <datafield tag="551" ind1=" " ind2=" ">
         <subfield code="a">Broumov</subfield>
         <subfield code="0">places/3902935</subfield>
      </datafield>
      <datafield tag="667" ind1=" " ind2=" ">
         <subfield code="a">Published sources: 4</subfield>
      </datafield>
   </record>