
   <record>
      <leader>00000nz  a2200000nc 4500</leader>
      <controlfield tag="001">institutions/30006067</controlfield>
      <controlfield tag="003">DE-633</controlfield>
      <controlfield tag="005">20250620052044.0</controlfield>
      <controlfield tag="008">161109||||z|||a|||||||||||||||||n||||||d</controlfield>
      <datafield tag="024" ind1="7" ind2=" ">
         <subfield code="a">148226591</subfield>
         <subfield code="2">VIAF</subfield>
      </datafield>
      <datafield tag="024" ind1="7" ind2=" ">
         <subfield code="a">118934906X</subfield>
         <subfield code="2">DNB</subfield>
      </datafield>
      <datafield tag="024" ind1="7" ind2=" ">
         <subfield code="a">Q20057526</subfield>
         <subfield code="2">WKP</subfield>
      </datafield>
      <datafield tag="024" ind1="7" ind2=" ">
         <subfield code="a">CZ-CBk</subfield>
         <subfield code="q">siglum</subfield>
         <subfield code="2">rism</subfield>
      </datafield>
      <datafield tag="034" ind1="1" ind2=" ">
         <subfield code="d">14.475346170289544</subfield>
         <subfield code="f">48.97048764598299</subfield>
      </datafield>
      <datafield tag="040" ind1=" " ind2=" ">
         <subfield code="a">DE-633</subfield>
         <subfield code="c">DE-633</subfield>
         <subfield code="e">rismg</subfield>
      </datafield>
      <datafield tag="043" ind1=" " ind2=" ">
         <subfield code="c">XA-CZ</subfield>
      </datafield>
      <datafield tag="110" ind1="1" ind2=" ">
         <subfield code="a">Jihočeská vědecká knihovna v Českých Budějovicích, Hudební oddělení</subfield>
         <subfield code="c">České Budějovice</subfield>
         <subfield code="g">CZ-CBk</subfield>
      </datafield>
      <datafield tag="368" ind1=" " ind2=" ">
         <subfield code="a">Institution</subfield>
         <subfield code="a">Library</subfield>
      </datafield>
      <datafield tag="371" ind1=" " ind2=" ">
         <subfield code="a">Lidická 1</subfield>
         <subfield code="b">České Budějovice</subfield>
         <subfield code="c">Jihočeský kraj</subfield>
         <subfield code="d">Czech Republic</subfield>
         <subfield code="e">370 59</subfield>
         <subfield code="m">hudebni@cbvk.cz</subfield>
         <subfield code="m">podrouzkova@cbvk.cz</subfield>
         <subfield code="u">http://www.cbvk.cz</subfield>
         <subfield code="u">https://www.cbvk.cz/pobocky.html?pg=hudebni</subfield>
         <subfield code="z">tel: +420 / 386 111 215</subfield>
         <subfield code="z">contact: Mgr. Petra Podroužková</subfield>
      </datafield>
      <datafield tag="410" ind1=" " ind2=" ">
         <subfield code="a">Krajská lidová knihovna</subfield>
      </datafield>
      <datafield tag="510" ind1="2" ind2=" ">
         <subfield code="a">South Bohemian Research Library, Music Department</subfield>
      </datafield>
      <datafield tag="510" ind1="2" ind2=" ">
         <subfield code="a">Südböhmische Forschungsbibliothek, Musikabteilung</subfield>
      </datafield>
      <datafield tag="551" ind1="1" ind2=" ">
         <subfield code="a">České Budějovice</subfield>
         <subfield code="0">places/3904045</subfield>
      </datafield>
      <datafield tag="667" ind1=" " ind2=" ">
         <subfield code="a">Published sources: 131</subfield>
      </datafield>
   </record>