
   <record>
      <leader>00000nz  a2200000nc 4500</leader>
      <controlfield tag="001">institutions/30002671</controlfield>
      <controlfield tag="003">DE-633</controlfield>
      <controlfield tag="005">20250620052015.0</controlfield>
      <controlfield tag="008">161109||||z|||a|||||||||||||||||n||||||d</controlfield>
      <datafield tag="024" ind1="7" ind2=" ">
         <subfield code="a">167893588</subfield>
         <subfield code="2">VIAF</subfield>
      </datafield>
      <datafield tag="024" ind1="7" ind2=" ">
         <subfield code="a">CZ-CHRm</subfield>
         <subfield code="q">siglum</subfield>
         <subfield code="2">rism</subfield>
      </datafield>
      <datafield tag="034" ind1="1" ind2=" ">
         <subfield code="d">15.792001</subfield>
         <subfield code="f">49.952810</subfield>
      </datafield>
      <datafield tag="040" ind1=" " ind2=" ">
         <subfield code="a">DE-633</subfield>
         <subfield code="c">DE-633</subfield>
         <subfield code="e">rismg</subfield>
      </datafield>
      <datafield tag="043" ind1=" " ind2=" ">
         <subfield code="c">XA-CZ</subfield>
      </datafield>
      <datafield tag="110" ind1="1" ind2=" ">
         <subfield code="a">Regionální Muzeum v Chrudimi</subfield>
         <subfield code="c">Chrudim</subfield>
         <subfield code="g">CZ-CHRm</subfield>
      </datafield>
      <datafield tag="368" ind1=" " ind2=" ">
         <subfield code="a">Institution</subfield>
         <subfield code="a">Library</subfield>
         <subfield code="a">Other</subfield>
      </datafield>
      <datafield tag="371" ind1=" " ind2=" ">
         <subfield code="a">Museum:</subfield>
         <subfield code="a">Široká 86</subfield>
         <subfield code="b">Chrudim</subfield>
         <subfield code="c">Čechy</subfield>
         <subfield code="c">Pardubický kraj</subfield>
         <subfield code="d">Czech Republic</subfield>
         <subfield code="e">537 01</subfield>
         <subfield code="m">info@muzeumcr.cz</subfield>
         <subfield code="u">http://www.muzeumcr.cz/cz/</subfield>
         <subfield code="z">tel: +420 / 469 620 330</subfield>
      </datafield>
      <datafield tag="371" ind1=" " ind2=" ">
         <subfield code="a">Library and archive:</subfield>
         <subfield code="a">K Ploché dráze 688</subfield>
         <subfield code="b">Chrudim</subfield>
         <subfield code="e">537 01</subfield>
      </datafield>
      <datafield tag="410" ind1=" " ind2=" ">
         <subfield code="a">Městské muzeum</subfield>
      </datafield>
      <datafield tag="410" ind1=" " ind2=" ">
         <subfield code="a">Okresní muzeum</subfield>
      </datafield>
      <datafield tag="551" ind1="1" ind2=" ">
         <subfield code="a">Chrudim</subfield>
         <subfield code="0">places/3903565</subfield>
      </datafield>
   </record>