
   <record>
      <leader>00000nz  a2200000nc 4500</leader>
      <controlfield tag="001">institutions/30000183</controlfield>
      <controlfield tag="003">DE-633</controlfield>
      <controlfield tag="005">20250620051953.0</controlfield>
      <controlfield tag="008">161109||||z|||a|||||||||||||||||n||||||d</controlfield>
      <datafield tag="024" ind1="7" ind2=" ">
         <subfield code="a">CZ-K</subfield>
         <subfield code="q">siglum</subfield>
         <subfield code="2">rism</subfield>
      </datafield>
      <datafield tag="034" ind1="1" ind2=" ">
         <subfield code="d">14.313990567760458</subfield>
         <subfield code="f">48.812851585374744</subfield>
      </datafield>
      <datafield tag="040" ind1=" " ind2=" ">
         <subfield code="a">DE-633</subfield>
         <subfield code="c">DE-633</subfield>
         <subfield code="e">rismg</subfield>
      </datafield>
      <datafield tag="043" ind1=" " ind2=" ">
         <subfield code="c">XA-CZ</subfield>
      </datafield>
      <datafield tag="110" ind1="1" ind2=" ">
         <subfield code="a">Státní oblastní archiv v Třeboni, pobočka Český Krumlov</subfield>
         <subfield code="c">Český Krumlov</subfield>
         <subfield code="g">CZ-K</subfield>
      </datafield>
      <datafield tag="368" ind1=" " ind2=" ">
         <subfield code="a">Institution</subfield>
         <subfield code="a">Library</subfield>
         <subfield code="a">Archive</subfield>
      </datafield>
      <datafield tag="371" ind1=" " ind2=" ">
         <subfield code="a">Zámek č. 59</subfield>
         <subfield code="b">381 01 Český Krumlov</subfield>
         <subfield code="d">Czech Republic</subfield>
         <subfield code="m">posta-soack@ceskearchivy.cz</subfield>
         <subfield code="u">https://www.ceskearchivy.cz/archivni-oddeleni/soa-cesky-krumlov/uvod</subfield>
         <subfield code="z">tel: +420 / 380 711 872</subfield>
      </datafield>
      <datafield tag="410" ind1=" " ind2=" ">
         <subfield code="a">Zámecký hudební archiv</subfield>
      </datafield>
      <datafield tag="551" ind1="1" ind2=" ">
         <subfield code="a">Český Krumlov</subfield>
         <subfield code="0">places/3902821</subfield>
      </datafield>
      <datafield tag="667" ind1=" " ind2=" ">
         <subfield code="a">Published sources: 4049</subfield>
      </datafield>
   </record>