
   <record>
      <leader>00000nz  a2200000nc 4500</leader>
      <controlfield tag="001">institutions/51000527</controlfield>
      <controlfield tag="003">DE-633</controlfield>
      <controlfield tag="005">20250620052237.0</controlfield>
      <controlfield tag="008">171201||||z|||a|||||||||||||||||n||||||d</controlfield>
      <datafield tag="024" ind1="7" ind2=" ">
         <subfield code="a">151901783</subfield>
         <subfield code="2">ISIL</subfield>
      </datafield>
      <datafield tag="024" ind1="7" ind2=" ">
         <subfield code="a">125924026</subfield>
         <subfield code="2">ISIL</subfield>
      </datafield>
      <datafield tag="024" ind1="7" ind2=" ">
         <subfield code="a">CZ-KLA</subfield>
         <subfield code="q">siglum</subfield>
         <subfield code="2">rism</subfield>
      </datafield>
      <datafield tag="034" ind1="1" ind2=" ">
         <subfield code="d">14.103041</subfield>
         <subfield code="f">50.146475</subfield>
      </datafield>
      <datafield tag="040" ind1=" " ind2=" ">
         <subfield code="a">DE-633</subfield>
         <subfield code="c">DE-633</subfield>
         <subfield code="e">rismg</subfield>
      </datafield>
      <datafield tag="043" ind1=" " ind2=" ">
         <subfield code="c">XA-CZ</subfield>
      </datafield>
      <datafield tag="110" ind1="1" ind2=" ">
         <subfield code="a">Státní okresní archiv</subfield>
         <subfield code="c">Kladno</subfield>
         <subfield code="g">CZ-KLA</subfield>
      </datafield>
      <datafield tag="368" ind1=" " ind2=" ">
         <subfield code="a">Institution</subfield>
         <subfield code="a">Library</subfield>
         <subfield code="a">Archive</subfield>
      </datafield>
      <datafield tag="371" ind1=" " ind2=" ">
         <subfield code="a">plk. Stříbrného 11</subfield>
         <subfield code="b">Kladno</subfield>
         <subfield code="c">Čechy</subfield>
         <subfield code="c">Středočeský kraj</subfield>
         <subfield code="d">Czech Republic</subfield>
         <subfield code="e">272 01</subfield>
         <subfield code="m">soka-kladno@soapraha.cz</subfield>
         <subfield code="u">http://www.soapraha.cz/index.php?lang=cze&amp;archiv=4</subfield>
         <subfield code="z">tel: +420 / 312 243 992</subfield>
      </datafield>
      <datafield tag="510" ind1="1" ind2=" ">
         <subfield code="a">Státní oblastní archiv v Praze, pobočka v Kladně</subfield>
      </datafield>
      <datafield tag="551" ind1="1" ind2=" ">
         <subfield code="a">Kladno</subfield>
         <subfield code="0">places/4000053</subfield>
      </datafield>
      <datafield tag="680" ind1="1" ind2=" ">
         <subfield code="a">Státní okresní archiv Kladno je organizační složkou Státního oblastního archivu v Praze.</subfield>
      </datafield>
      <datafield tag="680" ind1="1" ind2=" ">
         <subfield code="a">Das Staatliche Bezirksarchiv von Kladno stellt eine Organisationseinheit des Staatlichen Regionalarchivs von Prag dar.</subfield>
      </datafield>
   </record>