
   <record>
      <leader>00000nz  a2200000nc 4500</leader>
      <controlfield tag="001">institutions/51003943</controlfield>
      <controlfield tag="003">DE-633</controlfield>
      <controlfield tag="005">20250620052253.0</controlfield>
      <controlfield tag="008">200513||||z|||a|||||||||||||||||n||||||d</controlfield>
      <datafield tag="024" ind1="7" ind2=" ">
         <subfield code="a">138783169</subfield>
         <subfield code="2">VIAF</subfield>
      </datafield>
      <datafield tag="024" ind1="7" ind2=" ">
         <subfield code="a">CZ-KUsoka</subfield>
         <subfield code="q">siglum</subfield>
         <subfield code="2">rism</subfield>
      </datafield>
      <datafield tag="040" ind1=" " ind2=" ">
         <subfield code="a">DE-633</subfield>
         <subfield code="c">DE-633</subfield>
         <subfield code="e">rismg</subfield>
      </datafield>
      <datafield tag="043" ind1=" " ind2=" ">
         <subfield code="c">XA-CZ</subfield>
      </datafield>
      <datafield tag="110" ind1="1" ind2=" ">
         <subfield code="a">Státní okresní archiv</subfield>
         <subfield code="c">Kutná Hora</subfield>
         <subfield code="g">CZ-KUsoka</subfield>
      </datafield>
      <datafield tag="368" ind1=" " ind2=" ">
         <subfield code="a">Institution</subfield>
         <subfield code="a">Library</subfield>
         <subfield code="a">Archive</subfield>
      </datafield>
      <datafield tag="371" ind1=" " ind2=" ">
         <subfield code="a">Benešova 257/33</subfield>
         <subfield code="b">Kutná Hora, PSČ 284 80</subfield>
         <subfield code="c">Středočeský kraj</subfield>
         <subfield code="d">Czech Republic</subfield>
         <subfield code="m">soka-kutna.hora@soapraha.cz</subfield>
         <subfield code="u">http://www.soapraha.cz/kutnahora/</subfield>
         <subfield code="z">tel: +420 / 321 024 353</subfield>
      </datafield>
      <datafield tag="551" ind1="1" ind2=" ">
         <subfield code="a">Kutná Hora</subfield>
         <subfield code="0">places/3902768</subfield>
      </datafield>
   </record>