
   <record>
      <leader>00000nz  a2200000nc 4500</leader>
      <controlfield tag="001">institutions/30077184</controlfield>
      <controlfield tag="003">DE-633</controlfield>
      <controlfield tag="005">20250620052114.0</controlfield>
      <controlfield tag="008">161109||||z|||a|||||||||||||||||n||||||d</controlfield>
      <datafield tag="024" ind1="7" ind2=" ">
         <subfield code="a">CZ-Kzk</subfield>
         <subfield code="q">siglum</subfield>
         <subfield code="2">rism</subfield>
      </datafield>
      <datafield tag="034" ind1="2" ind2=" ">
         <subfield code="d">14.3144858</subfield>
         <subfield code="f">48.8130246</subfield>
      </datafield>
      <datafield tag="040" ind1=" " ind2=" ">
         <subfield code="a">DE-633</subfield>
         <subfield code="c">DE-633</subfield>
         <subfield code="e">rismg</subfield>
      </datafield>
      <datafield tag="043" ind1=" " ind2=" ">
         <subfield code="c">XA-CZ</subfield>
      </datafield>
      <datafield tag="110" ind1="2" ind2=" ">
         <subfield code="a">Státní hrad a zámek Český Krumlov, zámecká knihovna</subfield>
         <subfield code="c">Český Krumlov</subfield>
         <subfield code="g">CZ-Kzk</subfield>
      </datafield>
      <datafield tag="368" ind1=" " ind2=" ">
         <subfield code="a">Institution</subfield>
      </datafield>
      <datafield tag="368" ind1=" " ind2=" ">
         <subfield code="a">Library</subfield>
      </datafield>
      <datafield tag="371" ind1=" " ind2=" ">
         <subfield code="a">Státní hrad a zámek Český Krumlov,, zámecká knihovna, Zámek 59, 381 01 Český Krumlov, Czech Republic</subfield>
         <subfield code="u">http://www.castle.ckrumlov.cz/docs/cz/zamek_2nadvori_knihov.xml</subfield>
      </datafield>
      <datafield tag="551" ind1=" " ind2=" ">
         <subfield code="a">Český Krumlov</subfield>
         <subfield code="0">places/3902821</subfield>
      </datafield>
   </record>