
   <record>
      <leader>00000nz  a2200000nc 4500</leader>
      <controlfield tag="001">institutions/51000018</controlfield>
      <controlfield tag="003">DE-633</controlfield>
      <controlfield tag="005">20250620052234.0</controlfield>
      <controlfield tag="008">161129||||z|||a|||||||||||||||||n||||||d</controlfield>
      <datafield tag="024" ind1="7" ind2=" ">
         <subfield code="a">CZ-LLk</subfield>
         <subfield code="q">siglum</subfield>
         <subfield code="2">rism</subfield>
      </datafield>
      <datafield tag="034" ind1="1" ind2=" ">
         <subfield code="d">16.314093697608715</subfield>
         <subfield code="f">49.87045164489528</subfield>
      </datafield>
      <datafield tag="040" ind1=" " ind2=" ">
         <subfield code="a">DE-633</subfield>
         <subfield code="c">DE-633</subfield>
         <subfield code="e">rismg</subfield>
      </datafield>
      <datafield tag="043" ind1=" " ind2=" ">
         <subfield code="c">XA-CZ</subfield>
      </datafield>
      <datafield tag="110" ind1="1" ind2=" ">
         <subfield code="a">Římskokatolická farnost Litomyšl, Kostel Povýšení svatého Kříže</subfield>
         <subfield code="c">Litomyšl</subfield>
         <subfield code="g">CZ-LLk</subfield>
      </datafield>
      <datafield tag="368" ind1=" " ind2=" ">
         <subfield code="a">Institution</subfield>
      </datafield>
      <datafield tag="368" ind1=" " ind2=" ">
         <subfield code="a">Library</subfield>
      </datafield>
      <datafield tag="371" ind1=" " ind2=" ">
         <subfield code="a">Šantovo nám. 183</subfield>
         <subfield code="b">Litomyšl</subfield>
         <subfield code="d">Czech Republic</subfield>
         <subfield code="e">570 01</subfield>
         <subfield code="m">fara@lit.cz</subfield>
         <subfield code="u">http://www.farnostlitomysl.cz/</subfield>
         <subfield code="z">tel: +420 / 461 612 263</subfield>
      </datafield>
      <datafield tag="667" ind1=" " ind2=" ">
         <subfield code="a">Published sources: 465</subfield>
      </datafield>
   </record>