
   <record>
      <leader>00000nz  a2200000nc 4500</leader>
      <controlfield tag="001">institutions/30000192</controlfield>
      <controlfield tag="003">DE-633</controlfield>
      <controlfield tag="005">20250620051953.0</controlfield>
      <controlfield tag="008">161109||||z|||a|||||||||||||||||n||||||d</controlfield>
      <datafield tag="024" ind1="7" ind2=" ">
         <subfield code="a">Q18603834</subfield>
         <subfield code="2">WKP</subfield>
      </datafield>
      <datafield tag="024" ind1="7" ind2=" ">
         <subfield code="a">CZ-LO</subfield>
         <subfield code="q">siglum</subfield>
         <subfield code="2">rism</subfield>
      </datafield>
      <datafield tag="034" ind1="1" ind2=" ">
         <subfield code="d">15.035857887579672</subfield>
         <subfield code="f">50.55821265989102</subfield>
      </datafield>
      <datafield tag="040" ind1=" " ind2=" ">
         <subfield code="a">DE-633</subfield>
         <subfield code="c">DE-633</subfield>
         <subfield code="e">rismg</subfield>
      </datafield>
      <datafield tag="043" ind1=" " ind2=" ">
         <subfield code="c">XA-CZ</subfield>
      </datafield>
      <datafield tag="110" ind1="1" ind2=" ">
         <subfield code="a">Farní kostel Nejsvětější Trojice v Loukově</subfield>
         <subfield code="c">Loukov (okres Mladá Boleslav)</subfield>
         <subfield code="g">CZ-LO</subfield>
      </datafield>
      <datafield tag="368" ind1=" " ind2=" ">
         <subfield code="a">Institution</subfield>
         <subfield code="a">Library</subfield>
      </datafield>
      <datafield tag="371" ind1=" " ind2=" ">
         <subfield code="a">contact:</subfield>
         <subfield code="a">Římskokatolická farnost – děkanství Mnichovo Hradiště</subfield>
         <subfield code="a">1. máje 232</subfield>
         <subfield code="b">Mnichovo Hradiště</subfield>
         <subfield code="c">Středočeský kraj</subfield>
         <subfield code="d">Czech Republic</subfield>
         <subfield code="e">295 01</subfield>
         <subfield code="m">dekanstvi.mh@seznam.cz</subfield>
         <subfield code="u">https://dekanstvimh.cz/</subfield>
      </datafield>
      <datafield tag="551" ind1="1" ind2=" ">
         <subfield code="a">Loukov (okres Mladá Boleslav)</subfield>
         <subfield code="0">places/3902826</subfield>
      </datafield>
      <datafield tag="667" ind1=" " ind2=" ">
         <subfield code="a">Published sources: 349</subfield>
      </datafield>
   </record>