
   <record>
      <leader>00000nz  a2200000nc 4500</leader>
      <controlfield tag="001">institutions/51007596</controlfield>
      <controlfield tag="003">DE-633</controlfield>
      <controlfield tag="005">20250620052316.0</controlfield>
      <controlfield tag="008">231127||||z|||a|||||||||||||||||n||||||d</controlfield>
      <datafield tag="024" ind1="7" ind2=" ">
         <subfield code="a">Q12041926</subfield>
         <subfield code="2">WKP</subfield>
      </datafield>
      <datafield tag="024" ind1="7" ind2=" ">
         <subfield code="a">CZ-MOom</subfield>
         <subfield code="q">siglum</subfield>
         <subfield code="2">rism</subfield>
      </datafield>
      <datafield tag="034" ind1="1" ind2=" ">
         <subfield code="d">13.639235712713525</subfield>
         <subfield code="f">50.51734749348077</subfield>
      </datafield>
      <datafield tag="040" ind1=" " ind2=" ">
         <subfield code="a">DE-633</subfield>
         <subfield code="c">DE-633</subfield>
         <subfield code="e">rismg</subfield>
      </datafield>
      <datafield tag="043" ind1=" " ind2=" ">
         <subfield code="c">XA-CZ</subfield>
      </datafield>
      <datafield tag="110" ind1="1" ind2=" ">
         <subfield code="a">Oblastní muzeum a galerie v Mostě, Hudební archiv</subfield>
         <subfield code="c">Most</subfield>
         <subfield code="g">CZ-MOom</subfield>
      </datafield>
      <datafield tag="368" ind1=" " ind2=" ">
         <subfield code="a">Institution</subfield>
         <subfield code="a">Library</subfield>
         <subfield code="a">Archive</subfield>
      </datafield>
      <datafield tag="371" ind1=" " ind2=" ">
         <subfield code="a">Čsl. armády 1360/35</subfield>
         <subfield code="b">434 01 Most</subfield>
         <subfield code="c">Čechy</subfield>
         <subfield code="d">Czech Republic</subfield>
         <subfield code="m">cerny.m@omgm.cz</subfield>
         <subfield code="u">https://www.muzeummost.cz/cz/hudebni-nastroje</subfield>
         <subfield code="z">Bc. Milan Černý</subfield>
      </datafield>
      <datafield tag="551" ind1="1" ind2=" ">
         <subfield code="a">Most</subfield>
         <subfield code="0">places/50004358</subfield>
      </datafield>
   </record>