
   <record>
      <leader>00000nz  a2200000nc 4500</leader>
      <controlfield tag="001">institutions/30006306</controlfield>
      <controlfield tag="003">DE-633</controlfield>
      <controlfield tag="005">20250620052046.0</controlfield>
      <controlfield tag="008">161109||||z|||a|||||||||||||||||n||||||d</controlfield>
      <datafield tag="024" ind1="7" ind2=" ">
         <subfield code="a">CZ-NBm</subfield>
         <subfield code="q">siglum</subfield>
         <subfield code="2">rism</subfield>
      </datafield>
      <datafield tag="034" ind1="2" ind2=" ">
         <subfield code="d">15.4917658</subfield>
         <subfield code="f">50.2410061</subfield>
      </datafield>
      <datafield tag="040" ind1=" " ind2=" ">
         <subfield code="a">DE-633</subfield>
         <subfield code="c">DE-633</subfield>
         <subfield code="e">rismg</subfield>
      </datafield>
      <datafield tag="043" ind1=" " ind2=" ">
         <subfield code="c">XA-CZ</subfield>
      </datafield>
      <datafield tag="110" ind1="2" ind2=" ">
         <subfield code="a">Městské muzeum</subfield>
         <subfield code="c">Nový Bydžov</subfield>
         <subfield code="g">CZ-NBm</subfield>
      </datafield>
      <datafield tag="368" ind1=" " ind2=" ">
         <subfield code="a">Library</subfield>
      </datafield>
      <datafield tag="368" ind1=" " ind2=" ">
         <subfield code="a">Institution</subfield>
      </datafield>
      <datafield tag="371" ind1=" " ind2=" ">
         <subfield code="a">Městské muzeum, Masarykovo náměstí 507, 50401 Nový Bydžov, Czech Republic</subfield>
         <subfield code="u">http://www.novybydzov.cz/mestske-muzeum-novy-bydzov/os-1023</subfield>
      </datafield>
      <datafield tag="551" ind1=" " ind2=" ">
         <subfield code="a">Nový Bydžov</subfield>
         <subfield code="0">places/3904727</subfield>
      </datafield>
   </record>