
   <record>
      <leader>00000nz  a2200000nc 4500</leader>
      <controlfield tag="001">institutions/51001639</controlfield>
      <controlfield tag="003">DE-633</controlfield>
      <controlfield tag="005">20250620052240.0</controlfield>
      <controlfield tag="008">180604||||z|||a|||||||||||||||||n||||||d</controlfield>
      <datafield tag="024" ind1="7" ind2=" ">
         <subfield code="a">31168840700145400279</subfield>
         <subfield code="2">VIAF</subfield>
      </datafield>
      <datafield tag="024" ind1="7" ind2=" ">
         <subfield code="a">CZ-Nlob</subfield>
         <subfield code="q">siglum</subfield>
         <subfield code="2">rism</subfield>
      </datafield>
      <datafield tag="034" ind1="1" ind2=" ">
         <subfield code="d">14.301378097358556</subfield>
         <subfield code="f">50.26109521884431</subfield>
      </datafield>
      <datafield tag="040" ind1=" " ind2=" ">
         <subfield code="a">DE-633</subfield>
         <subfield code="c">DE-633</subfield>
         <subfield code="e">rismg</subfield>
      </datafield>
      <datafield tag="043" ind1=" " ind2=" ">
         <subfield code="c">XA-CZ</subfield>
      </datafield>
      <datafield tag="110" ind1="1" ind2=" ">
         <subfield code="a">Lobkowiczká knihovna a archiv</subfield>
         <subfield code="c">Nelahozeves</subfield>
         <subfield code="g">CZ-Nlob</subfield>
      </datafield>
      <datafield tag="368" ind1=" " ind2=" ">
         <subfield code="a">Institution</subfield>
         <subfield code="a">Library</subfield>
         <subfield code="a">Archive</subfield>
      </datafield>
      <datafield tag="371" ind1=" " ind2=" ">
         <subfield code="b">Nelahozeves</subfield>
         <subfield code="c">Čechy</subfield>
         <subfield code="c">Středočeský kraj</subfield>
         <subfield code="d">Czech Republic</subfield>
         <subfield code="e">277 51</subfield>
         <subfield code="m">petr.slouka@lobkowicz.cz</subfield>
         <subfield code="u">https://www.lobkowicz.cz/lobkowiczka-knihovna-a-archiv</subfield>
         <subfield code="u">https://www.lobkowicz.cz/hudebni-archiv</subfield>
         <subfield code="z">tel: +420 / 315 709 102</subfield>
         <subfield code="z">contact: Petr Slouka</subfield>
      </datafield>
      <datafield tag="410" ind1=" " ind2=" ">
         <subfield code="a">Lobkowicz Library and Archives</subfield>
      </datafield>
      <datafield tag="410" ind1=" " ind2=" ">
         <subfield code="a">Lobkowiczký hudební archiv</subfield>
      </datafield>
      <datafield tag="410" ind1=" " ind2=" ">
         <subfield code="a">Lobkowicz Music Archive</subfield>
      </datafield>
      <datafield tag="551" ind1="1" ind2=" ">
         <subfield code="a">Nelahozeves</subfield>
         <subfield code="0">places/3904657</subfield>
      </datafield>
      <datafield tag="667" ind1=" " ind2=" ">
         <subfield code="a">Published sources: 444</subfield>
      </datafield>
   </record>