
   <record>
      <leader>00000nz  a2200000nc 4500</leader>
      <controlfield tag="001">institutions/30003984</controlfield>
      <controlfield tag="003">DE-633</controlfield>
      <controlfield tag="005">20250620052026.0</controlfield>
      <controlfield tag="008">161109||||z|||a|||||||||||||||||n||||||d</controlfield>
      <datafield tag="024" ind1="7" ind2=" ">
         <subfield code="a">Q2055546</subfield>
         <subfield code="2">WKP</subfield>
      </datafield>
      <datafield tag="024" ind1="7" ind2=" ">
         <subfield code="a">CZ-PAS</subfield>
         <subfield code="q">siglum</subfield>
         <subfield code="2">rism</subfield>
      </datafield>
      <datafield tag="034" ind1="1" ind2=" ">
         <subfield code="d">15.400616720360365</subfield>
         <subfield code="f">50.72400160564911</subfield>
      </datafield>
      <datafield tag="040" ind1=" " ind2=" ">
         <subfield code="a">DE-633</subfield>
         <subfield code="c">DE-633</subfield>
         <subfield code="e">rismg</subfield>
      </datafield>
      <datafield tag="043" ind1=" " ind2=" ">
         <subfield code="c">XA-CZ</subfield>
      </datafield>
      <datafield tag="110" ind1="1" ind2=" ">
         <subfield code="a">Krkonošské muzeum - Památník Zapadlých vlastenců</subfield>
         <subfield code="c">Paseky nad Jizerou</subfield>
         <subfield code="g">CZ-PAS</subfield>
      </datafield>
      <datafield tag="368" ind1=" " ind2=" ">
         <subfield code="a">Institution</subfield>
         <subfield code="a">Library</subfield>
      </datafield>
      <datafield tag="371" ind1=" " ind2=" ">
         <subfield code="b">512 47 Paseky nad Jizerou 121</subfield>
         <subfield code="c">Liberecký kraj</subfield>
         <subfield code="c">Čechy</subfield>
         <subfield code="d">Czech Republic</subfield>
         <subfield code="m">muzeumpaseky@krnap.cz</subfield>
         <subfield code="u">https://www.krnap.cz/navstevnici/muzea/pamatnik-zapadlych-vlastencu-paseky-nad-jizerou/</subfield>
         <subfield code="z">+421 / 481 523 609</subfield>
      </datafield>
      <datafield tag="551" ind1="1" ind2=" ">
         <subfield code="a">Paseky nad Jizerou</subfield>
         <subfield code="0">places/3904050</subfield>
      </datafield>
      <datafield tag="667" ind1=" " ind2=" ">
         <subfield code="a">Published sources: 232</subfield>
      </datafield>
   </record>