
   <record>
      <leader>00000nz  a2200000nc 4500</leader>
      <controlfield tag="001">institutions/30004537</controlfield>
      <controlfield tag="003">DE-633</controlfield>
      <controlfield tag="005">20250620052031.0</controlfield>
      <controlfield tag="008">161109||||z|||a|||||||||||||||||n||||||d</controlfield>
      <datafield tag="024" ind1="7" ind2=" ">
         <subfield code="a">CZ-PLvk</subfield>
         <subfield code="q">siglum</subfield>
         <subfield code="2">rism</subfield>
      </datafield>
      <datafield tag="040" ind1=" " ind2=" ">
         <subfield code="a">DE-633</subfield>
         <subfield code="c">DE-633</subfield>
         <subfield code="e">rismg</subfield>
      </datafield>
      <datafield tag="043" ind1=" " ind2=" ">
         <subfield code="c">XA-CZ</subfield>
      </datafield>
      <datafield tag="110" ind1="2" ind2=" ">
         <subfield code="a">Studijní a vědecká knihovna Plzeňského kraje</subfield>
         <subfield code="c">Plzeň</subfield>
         <subfield code="g">CZ-PLvk</subfield>
      </datafield>
      <datafield tag="368" ind1=" " ind2=" ">
         <subfield code="a">Library</subfield>
      </datafield>
      <datafield tag="368" ind1=" " ind2=" ">
         <subfield code="a">Institution</subfield>
      </datafield>
      <datafield tag="371" ind1=" " ind2=" ">
         <subfield code="a">Studijní a vědecká knihovna, Plzeňského kraje, Smetanovy sady 2, 305 48  Plzeň, Czech Republic</subfield>
         <subfield code="u">http://www.svkpl.cz/</subfield>
      </datafield>
      <datafield tag="410" ind1="2" ind2=" ">
         <subfield code="a">Státní vědecká knihovna, hudební oddělení</subfield>
      </datafield>
      <datafield tag="551" ind1=" " ind2=" ">
         <subfield code="a">Plzeň</subfield>
         <subfield code="0">places/3901081</subfield>
      </datafield>
   </record>