
   <record>
      <leader>00000nz  a2200000nc 4500</leader>
      <controlfield tag="001">institutions/51008042</controlfield>
      <controlfield tag="003">DE-633</controlfield>
      <controlfield tag="005">20250620052319.0</controlfield>
      <controlfield tag="008">240617||||z|||a|||||||||||||||||n||||||d</controlfield>
      <datafield tag="024" ind1="7" ind2=" ">
         <subfield code="a">CZ-PRsh</subfield>
         <subfield code="q">siglum</subfield>
         <subfield code="2">rism</subfield>
      </datafield>
      <datafield tag="034" ind1="1" ind2=" ">
         <subfield code="d">14.017564513611045</subfield>
         <subfield code="f">49.68506169060109</subfield>
      </datafield>
      <datafield tag="040" ind1=" " ind2=" ">
         <subfield code="a">DE-633</subfield>
         <subfield code="c">DE-633</subfield>
         <subfield code="e">rismg</subfield>
      </datafield>
      <datafield tag="043" ind1=" " ind2=" ">
         <subfield code="c">XA-CZ</subfield>
      </datafield>
      <datafield tag="110" ind1="1" ind2=" ">
         <subfield code="a">Svatá Hora, sbírka kostela Nanebevzetí Panny Marie</subfield>
         <subfield code="c">Příbram</subfield>
         <subfield code="g">CZ-PRsh</subfield>
      </datafield>
      <datafield tag="368" ind1=" " ind2=" ">
         <subfield code="a">Institution</subfield>
         <subfield code="a">Archive</subfield>
         <subfield code="a">Library</subfield>
      </datafield>
      <datafield tag="371" ind1=" " ind2=" ">
         <subfield code="a">Římskokatolická farnost u kostela Nanebevzetí Panny Marie Příbram</subfield>
         <subfield code="a">Svatá Hora 591</subfield>
         <subfield code="b">Příbram</subfield>
         <subfield code="c">Středočeský kraj</subfield>
         <subfield code="d">Czech Republic</subfield>
         <subfield code="e">261 01</subfield>
         <subfield code="m">prohlidka@svata-hora.cz</subfield>
         <subfield code="m">basilica@svata-hora.cz</subfield>
         <subfield code="u">https://svata-hora.cz/</subfield>
         <subfield code="z">tel: +420 / 318 429 943</subfield>
      </datafield>
      <datafield tag="410" ind1=" " ind2=" ">
         <subfield code="a">Svatá Hora, Sammlung der Kirche Mariä Himmelfahrt</subfield>
      </datafield>
      <datafield tag="551" ind1="1" ind2=" ">
         <subfield code="a">Příbram</subfield>
         <subfield code="0">places/3903569</subfield>
      </datafield>
      <datafield tag="667" ind1=" " ind2=" ">
         <subfield code="a">Published sources: 135</subfield>
      </datafield>
      <datafield tag="680" ind1="1" ind2=" ">
         <subfield code="a">Sbírka se nachází v oratoři kostela.</subfield>
      </datafield>
      <datafield tag="680" ind1="1" ind2=" ">
         <subfield code="a">Die Sammlung befindet sich im Oratorium der Kirche.</subfield>
      </datafield>
   </record>