
   <record>
      <leader>00000nz  a2200000nc 4500</leader>
      <controlfield tag="001">institutions/51008171</controlfield>
      <controlfield tag="003">DE-633</controlfield>
      <controlfield tag="005">20250620052320.0</controlfield>
      <controlfield tag="008">240813||||z|||a|||||||||||||||||n||||||d</controlfield>
      <datafield tag="024" ind1="7" ind2=" ">
         <subfield code="a">CZ-Pdo</subfield>
         <subfield code="q">siglum</subfield>
         <subfield code="2">rism</subfield>
      </datafield>
      <datafield tag="034" ind1="1" ind2=" ">
         <subfield code="d">14.431660368514336</subfield>
         <subfield code="f">50.07994962619469</subfield>
      </datafield>
      <datafield tag="040" ind1=" " ind2=" ">
         <subfield code="a">DE-633</subfield>
         <subfield code="c">DE-633</subfield>
         <subfield code="e">rismg</subfield>
      </datafield>
      <datafield tag="043" ind1=" " ind2=" ">
         <subfield code="c">XA-CZ</subfield>
      </datafield>
      <datafield tag="110" ind1="1" ind2=" ">
         <subfield code="a">Divadelní oddělení Historického muzea – badatelny</subfield>
         <subfield code="c">Praha</subfield>
         <subfield code="g">CZ-Pdo</subfield>
      </datafield>
      <datafield tag="368" ind1=" " ind2=" ">
         <subfield code="a">Institution</subfield>
         <subfield code="a">Library</subfield>
         <subfield code="a">Museum</subfield>
      </datafield>
      <datafield tag="371" ind1=" " ind2=" ">
         <subfield code="a">Vinohradská 1</subfield>
         <subfield code="a">Vinohrady</subfield>
         <subfield code="b">Praha</subfield>
         <subfield code="d">Czech Republic</subfield>
         <subfield code="e">110 00</subfield>
         <subfield code="m">divadelni.oddeleni@nm.cz</subfield>
         <subfield code="u">https://www.nm.cz/historicke-muzeum/divadelni-oddeleni/divadelni-oddeleni-historickeho-muzea-badatelny</subfield>
         <subfield code="z">tel: +420 / 224 497 316; 224 497 313</subfield>
      </datafield>
      <datafield tag="410" ind1=" " ind2=" ">
         <subfield code="a">Theatre Department of the Historical Museum - research rooms</subfield>
      </datafield>
      <datafield tag="510" ind1="2" ind2=" ">
         <subfield code="a">Národní muzeum</subfield>
         <subfield code="w">t</subfield>
      </datafield>
      <datafield tag="510" ind1="2" ind2=" ">
         <subfield code="a">National museum</subfield>
         <subfield code="w">t</subfield>
      </datafield>
      <datafield tag="551" ind1="1" ind2=" ">
         <subfield code="a">Praha</subfield>
         <subfield code="0">places/3900110</subfield>
      </datafield>
      <datafield tag="680" ind1="1" ind2=" ">
         <subfield code="a">All items in the theatre department's collection have been permanently housed in the Terezín depository since 2010. Enquiries should be addressed to the Theatre Department of the Historical Museum in Prague.</subfield>
      </datafield>
      <datafield tag="680" ind1="1" ind2=" ">
         <subfield code="a">Alle Sammlungsgegenstände der Theaterabteilung sind seit 2010 dauerhaft in den Theresienstädter (Terezín) Depositorien untergebracht. Anfragen sind an die Theaterabteilung des Historischen Museums in Prag zu richten.</subfield>
      </datafield>
   </record>