
   <record>
      <leader>00000nz  a2200000nc 4500</leader>
      <controlfield tag="001">institutions/51001658</controlfield>
      <controlfield tag="003">DE-633</controlfield>
      <controlfield tag="005">20250620052240.0</controlfield>
      <controlfield tag="008">180611||||z|||a|||||||||||||||||n||||||d</controlfield>
      <datafield tag="024" ind1="7" ind2=" ">
         <subfield code="a">CZ-Pmua</subfield>
         <subfield code="q">siglum</subfield>
         <subfield code="2">rism</subfield>
      </datafield>
      <datafield tag="034" ind1="1" ind2=" ">
         <subfield code="d">14.463086</subfield>
         <subfield code="f">50.118407</subfield>
      </datafield>
      <datafield tag="040" ind1=" " ind2=" ">
         <subfield code="a">DE-633</subfield>
         <subfield code="c">DE-633</subfield>
         <subfield code="e">rismg</subfield>
      </datafield>
      <datafield tag="043" ind1=" " ind2=" ">
         <subfield code="c">XA-CZ</subfield>
      </datafield>
      <datafield tag="110" ind1="1" ind2=" ">
         <subfield code="a">Masarykův ústav a Archiv Akademie věd České republiky</subfield>
         <subfield code="c">Praha</subfield>
         <subfield code="g">CZ-Pmua</subfield>
      </datafield>
      <datafield tag="368" ind1=" " ind2=" ">
         <subfield code="a">Institution</subfield>
         <subfield code="a">Library</subfield>
         <subfield code="a">Archive</subfield>
      </datafield>
      <datafield tag="371" ind1=" " ind2=" ">
         <subfield code="a">Gabčíkova 2362/10</subfield>
         <subfield code="b">Praha 8</subfield>
         <subfield code="d">Czech Republic</subfield>
         <subfield code="e">182 00</subfield>
         <subfield code="m">pavlicek@mua.cas.cz</subfield>
         <subfield code="u">https://www.mua.cas.cz/</subfield>
         <subfield code="z">contact: Dr. phil. Tomáš Pavlíček, Ph.D.</subfield>
         <subfield code="z">tel: +420 / 286 010 580</subfield>
      </datafield>
      <datafield tag="410" ind1=" " ind2=" ">
         <subfield code="a">The Masaryk Institute and Archive of the Czech Academy of Sciences</subfield>
      </datafield>
      <datafield tag="410" ind1=" " ind2=" ">
         <subfield code="a">Oddělení osobních fondů a institucionálních fondů do r. 1952</subfield>
      </datafield>
      <datafield tag="410" ind1=" " ind2=" ">
         <subfield code="a">Department of Personal Fonds and Institutional Fonds to 1952</subfield>
      </datafield>
      <datafield tag="551" ind1="1" ind2=" ">
         <subfield code="a">Praha</subfield>
         <subfield code="0">places/3900110</subfield>
      </datafield>
      <datafield tag="667" ind1=" " ind2=" ">
         <subfield code="a">Published sources: 430</subfield>
      </datafield>
   </record>