
   <record>
      <leader>00000nz  a2200000nc 4500</leader>
      <controlfield tag="001">institutions/30000029</controlfield>
      <controlfield tag="003">DE-633</controlfield>
      <controlfield tag="005">20250620051952.0</controlfield>
      <controlfield tag="008">161109||||z|||a|||||||||||||||||n||||||d</controlfield>
      <datafield tag="024" ind1="7" ind2=" ">
         <subfield code="a">CZ-Pnm</subfield>
         <subfield code="q">siglum</subfield>
         <subfield code="2">rism</subfield>
      </datafield>
      <datafield tag="034" ind1="1" ind2=" ">
         <subfield code="d">14.404568797873491</subfield>
         <subfield code="f">50.08494163734134</subfield>
      </datafield>
      <datafield tag="040" ind1=" " ind2=" ">
         <subfield code="a">DE-633</subfield>
         <subfield code="c">DE-633</subfield>
         <subfield code="e">rismg</subfield>
      </datafield>
      <datafield tag="043" ind1=" " ind2=" ">
         <subfield code="c">XA-CZ</subfield>
      </datafield>
      <datafield tag="110" ind1="1" ind2=" ">
         <subfield code="a">Národní muzeum - České muzeum hudby, Sbírka hudebněhistorického oddělení</subfield>
         <subfield code="c">Praha</subfield>
         <subfield code="g">CZ-Pnm</subfield>
      </datafield>
      <datafield tag="368" ind1=" " ind2=" ">
         <subfield code="a">Institution</subfield>
         <subfield code="a">Library</subfield>
      </datafield>
      <datafield tag="371" ind1=" " ind2=" ">
         <subfield code="a">Karmelitská 2</subfield>
         <subfield code="b">118 00 Praha 1</subfield>
         <subfield code="d">Czech Republic</subfield>
         <subfield code="m">marketa.kabelkova@nm.cz</subfield>
         <subfield code="u">https://www.nm.cz/</subfield>
         <subfield code="u">https://www.nm.cz/ceske-muzeum-hudby#z-nasich-sbirek</subfield>
         <subfield code="z">contact: Markéta Kabelková</subfield>
         <subfield code="z">tel: +420 / 224 497 739</subfield>
      </datafield>
      <datafield tag="510" ind1="2" ind2=" ">
         <subfield code="a">Czech Museum of Music</subfield>
      </datafield>
      <datafield tag="551" ind1="1" ind2=" ">
         <subfield code="a">Praha</subfield>
         <subfield code="0">places/3900110</subfield>
      </datafield>
      <datafield tag="667" ind1=" " ind2=" ">
         <subfield code="a">Published sources: 10084</subfield>
      </datafield>
   </record>