
   <record>
      <leader>00000nz  a2200000nc 4500</leader>
      <controlfield tag="001">institutions/30003986</controlfield>
      <controlfield tag="003">DE-633</controlfield>
      <controlfield tag="005">20250620052026.0</controlfield>
      <controlfield tag="008">161109||||z|||a|||||||||||||||||n||||||d</controlfield>
      <datafield tag="024" ind1="7" ind2=" ">
         <subfield code="a">CZ-ROk</subfield>
         <subfield code="q">siglum</subfield>
         <subfield code="2">rism</subfield>
      </datafield>
      <datafield tag="034" ind1="1" ind2=" ">
         <subfield code="d">49.743221</subfield>
         <subfield code="f">13.596532</subfield>
      </datafield>
      <datafield tag="040" ind1=" " ind2=" ">
         <subfield code="a">DE-633</subfield>
         <subfield code="c">DE-633</subfield>
         <subfield code="e">rismg</subfield>
      </datafield>
      <datafield tag="043" ind1=" " ind2=" ">
         <subfield code="c">XA-CZ</subfield>
      </datafield>
      <datafield tag="110" ind1="1" ind2=" ">
         <subfield code="a">Knihovna Římsko-katolické farnosti v Rokycanech</subfield>
         <subfield code="c">Rokycany</subfield>
         <subfield code="g">CZ-ROk</subfield>
      </datafield>
      <datafield tag="368" ind1=" " ind2=" ">
         <subfield code="a">Institution</subfield>
         <subfield code="a">Library</subfield>
      </datafield>
      <datafield tag="371" ind1=" " ind2=" ">
         <subfield code="a">nám. Josefa Urbana 52/I.</subfield>
         <subfield code="b">Rokycany</subfield>
         <subfield code="c">Čechy</subfield>
         <subfield code="c">Plzeňský kraj</subfield>
         <subfield code="d">Czech Republic</subfield>
         <subfield code="e">337 01</subfield>
         <subfield code="m">farnostrokycany@centrum.cz</subfield>
         <subfield code="u">http://www.farnostrokycany.cz/</subfield>
         <subfield code="z">tel: +42 / 371 722 742</subfield>
      </datafield>
      <datafield tag="410" ind1=" " ind2=" ">
         <subfield code="a">Děkanský úřad Rokycany při kostele Panny Marie Sněžné</subfield>
      </datafield>
      <datafield tag="410" ind1=" " ind2=" ">
         <subfield code="a">Hudební sbírka rokycanského literátského bratrstva</subfield>
      </datafield>
      <datafield tag="410" ind1=" " ind2=" ">
         <subfield code="a">The music collection of the Rokycany Literary Confraternity</subfield>
      </datafield>
      <datafield tag="551" ind1="1" ind2=" ">
         <subfield code="a">Rokycany</subfield>
         <subfield code="0">places/3902956</subfield>
      </datafield>
      <datafield tag="580" ind1="1" ind2=" ">
         <subfield code="x">CZ-ROsoa</subfield>
         <subfield code="0">institutions/30080445</subfield>
      </datafield>
      <datafield tag="670" ind1="1" ind2=" ">
         <subfield code="a">MaýrováR 2016</subfield>
         <subfield code="0">publications/41000134</subfield>
      </datafield>
      <datafield tag="680" ind1="1" ind2=" ">
         <subfield code="a">Die Musikalien und Archivalien der Literarischen Bruderschaft befinden sich in CZ-ROsoa als Depositum. Eigentümerin ist das Bistum Pilsen.</subfield>
      </datafield>
      <datafield tag="710" ind1="1" ind2=" ">
         <subfield code="a">Literátská bratrstva</subfield>
         <subfield code="0">institutions/51000170</subfield>
      </datafield>
   </record>