
   <record>
      <leader>00000nz  a2200000nc 4500</leader>
      <controlfield tag="001">institutions/51007920</controlfield>
      <controlfield tag="003">DE-633</controlfield>
      <controlfield tag="005">20250620052318.0</controlfield>
      <controlfield tag="008">240506||||z|||a|||||||||||||||||n||||||d</controlfield>
      <datafield tag="024" ind1="7" ind2=" ">
         <subfield code="a">Q24282882</subfield>
         <subfield code="2">WKP</subfield>
      </datafield>
      <datafield tag="024" ind1="7" ind2=" ">
         <subfield code="a">CZ-SKA</subfield>
         <subfield code="q">siglum</subfield>
         <subfield code="2">rism</subfield>
      </datafield>
      <datafield tag="034" ind1="1" ind2=" ">
         <subfield code="d">14.75838676668072</subfield>
         <subfield code="f">50.427345845958875</subfield>
      </datafield>
      <datafield tag="040" ind1=" " ind2=" ">
         <subfield code="a">DE-633</subfield>
         <subfield code="c">DE-633</subfield>
         <subfield code="e">rismg</subfield>
      </datafield>
      <datafield tag="043" ind1=" " ind2=" ">
         <subfield code="c">XA-CZ</subfield>
      </datafield>
      <datafield tag="110" ind1="1" ind2=" ">
         <subfield code="a">Farní kostel sv. Havla</subfield>
         <subfield code="c">Skalsko</subfield>
         <subfield code="g">CZ-SKA</subfield>
      </datafield>
      <datafield tag="368" ind1=" " ind2=" ">
         <subfield code="a">Institution</subfield>
         <subfield code="a">Library</subfield>
      </datafield>
      <datafield tag="371" ind1=" " ind2=" ">
         <subfield code="a">Postal address:</subfield>
         <subfield code="a">Římskokatolická farnost Skalsko</subfield>
         <subfield code="a">Vikariát Mladoboleslavský</subfield>
         <subfield code="a">Biskupství Litoměřické</subfield>
         <subfield code="a">Masarykova 266</subfield>
         <subfield code="b">Mšeno</subfield>
         <subfield code="c">Středočeský kraj</subfield>
         <subfield code="d">Czech Republic</subfield>
         <subfield code="e">277 35</subfield>
      </datafield>
      <datafield tag="551" ind1="1" ind2=" ">
         <subfield code="a">Skalsko</subfield>
         <subfield code="0">places/3012394</subfield>
      </datafield>
      <datafield tag="667" ind1=" " ind2=" ">
         <subfield code="a">Published sources: 171</subfield>
      </datafield>
   </record>