
   <record>
      <leader>00000nz  a2200000nc 4500</leader>
      <controlfield tag="001">institutions/30006343</controlfield>
      <controlfield tag="003">DE-633</controlfield>
      <controlfield tag="005">20250620052047.0</controlfield>
      <controlfield tag="008">161109||||z|||a|||||||||||||||||n||||||d</controlfield>
      <datafield tag="024" ind1="7" ind2=" ">
         <subfield code="a">CZ-ZKc</subfield>
         <subfield code="q">siglum</subfield>
         <subfield code="2">rism</subfield>
      </datafield>
      <datafield tag="034" ind1="2" ind2=" ">
         <subfield code="d">14.3713448</subfield>
         <subfield code="f">48.8557266</subfield>
      </datafield>
      <datafield tag="040" ind1=" " ind2=" ">
         <subfield code="a">DE-633</subfield>
         <subfield code="c">DE-633</subfield>
         <subfield code="e">rismg</subfield>
      </datafield>
      <datafield tag="043" ind1=" " ind2=" ">
         <subfield code="c">XA-CZ</subfield>
      </datafield>
      <datafield tag="110" ind1="2" ind2=" ">
         <subfield code="a">Knihovna cisterciáckého kláštera</subfield>
         <subfield code="c">Zlatá Koruna</subfield>
         <subfield code="g">CZ-ZKc</subfield>
      </datafield>
      <datafield tag="368" ind1=" " ind2=" ">
         <subfield code="a">Institution</subfield>
      </datafield>
      <datafield tag="368" ind1=" " ind2=" ">
         <subfield code="a">Library</subfield>
      </datafield>
      <datafield tag="371" ind1=" " ind2=" ">
         <subfield code="a">Knihovna cisterciáckého kláštera, Zlatá Koruna 1, 382 02 Zlatá Koruna, Czech Republic</subfield>
         <subfield code="u">http://www.klaster-zlatakoruna.eu</subfield>
      </datafield>
      <datafield tag="551" ind1=" " ind2=" ">
         <subfield code="a">Zlatá Koruna</subfield>
         <subfield code="0">places/3904750</subfield>
      </datafield>
   </record>