
   <record>
      <leader>00000nz  a2200000nc 4500</leader>
      <controlfield tag="001">institutions/51007365</controlfield>
      <controlfield tag="003">DE-633</controlfield>
      <controlfield tag="005">20250620052314.0</controlfield>
      <controlfield tag="008">230825||||z|||a|||||||||||||||||n||||||d</controlfield>
      <datafield tag="024" ind1="7" ind2=" ">
         <subfield code="a">CZ-ZVk</subfield>
         <subfield code="q">siglum</subfield>
         <subfield code="2">rism</subfield>
      </datafield>
      <datafield tag="034" ind1="1" ind2=" ">
         <subfield code="d">13.687081158824457</subfield>
         <subfield code="f">49.954694089798956</subfield>
      </datafield>
      <datafield tag="040" ind1=" " ind2=" ">
         <subfield code="a">DE-633</subfield>
         <subfield code="c">DE-633</subfield>
         <subfield code="e">rismg</subfield>
      </datafield>
      <datafield tag="043" ind1=" " ind2=" ">
         <subfield code="c">XA-CZ</subfield>
      </datafield>
      <datafield tag="110" ind1="1" ind2=" ">
         <subfield code="a">Kostel Nanebevzetí Panny Marie</subfield>
         <subfield code="c">Zvíkovec</subfield>
         <subfield code="g">CZ-ZVk</subfield>
      </datafield>
      <datafield tag="368" ind1=" " ind2=" ">
         <subfield code="a">Institution</subfield>
         <subfield code="a">Library</subfield>
      </datafield>
      <datafield tag="371" ind1=" " ind2=" ">
         <subfield code="b">338 08 Zvíkovec</subfield>
         <subfield code="c">Plzeňský kraj</subfield>
         <subfield code="d">Czech Republic</subfield>
      </datafield>
      <datafield tag="551" ind1="1" ind2=" ">
         <subfield code="a">Zvíkovec</subfield>
         <subfield code="0">places/50011656</subfield>
      </datafield>
      <datafield tag="667" ind1=" " ind2=" ">
         <subfield code="a">Published sources: 312</subfield>
      </datafield>
   </record>